@article{einstein,
  author =       "Albert Einstein",
  title =        "{Zur Elektrodynamik bewegter K{\"o}rper}. ({German})
                 [{On} the electrodynamics of moving bodies]",
  journal =      "Annalen der Physik",
  volume =       "322",
  number =       "10",
  pages =        "891--921",
  year =         "1905",
  DOI =          "http://dx.doi.org/10.1002/andp.19053221004",
  keywords =     "physics"
}

@book{dirac,
  title={The Principles of Quantum Mechanics},
  author={Paul Adrien Maurice Dirac},
  isbn={9780198520115},
  series={International series of monographs on physics},
  year={1981},
  publisher={Clarendon Press},
  keywords = {physics}
}

@book{latexcompanion,
    author    = "Michel Goossens and Frank Mittelbach and Alexander Samarin",
    title     = "The \LaTeX\ Companion",
    year      = "1993",
    publisher = "Addison-Wesley",
    address   = "Reading, Massachusetts",
    keywords  = "latex"
}
 
@online{knuthwebsite,
    author    = "Donald Knuth",
    title     = "Knuth: Computers and Typesetting",
    url       = "http://www-cs-faculty.stanford.edu/~uno/abcde.html",
    addendum = "(accessed: 01.09.2016)",
    keywords  = "latex,knuth"
}

@book{knuth-acp,
   author = "Donald E. Knuth",
   publisher = "Addison-Wesley",
   title = "The Art of Computer Programming",
   series = "Four volumes",
   year = "1968",
   note = "Seven volumes planned",
   keywords  = "knuth,programming"
}

@article{ctan,
    author  = "George D. Greenwade",
    title   = "The {C}omprehensive {T}ex {A}rchive {N}etwork ({CTAN})",
    year    = "1993",
    journal = "TUGBoat",
    volume  = "14",
    number  = "3",
    pages   = "342--351",
    keywords  = "latex"
}

@techreport{citekey,
  author      = "",
  title       = "",
  institution = "",
  year        = ""
}


%%%%%%%%%%References%%%%%%%%%%%%%%%%%%%%
@book{numericalmethods,
   author = " S. Chapra and R. Canale ",
   publisher = " McGraw-Hill ",
   title = " Numerical Methods for Engineers ",
   year = "2015",
}
@article{parker,
  author =       " G. Parker and S. Sochacki ",
  title =        "Implementing the Picard Iteration",
  journal =      " Neural, Parallel, and Scientific Computations ",
  volume =       "4",
  pages =       "97-112",
  year =         "1998",
  keywords =     "physics"
}

@techreport{wolf,
  author      = "J. Guenther and M. Wolf",
  title       = "An Adaptive, Highly Accurate and Efficient, Parker-Sochacki Algorithm for Numerical Solutions to Initial Value Ordinary Differential Equation Systems",
  institution = "James Madison University",
  year        = "2018"
}

@techreport{rudmin,
  author      = "J. W. Rudmin",
  title       = "Application of the Parker-Sochacki Method to Celestial Mechanics",
  institution = "Physics Dept., James Madison University",
  year        = "1998"
}

@misc{scipy,
	author = {},
    title={SciPy Manual for solve$\_$ivp},
	howpublished = {\url{https://docs.scipy.org/doc/scipy/reference/generated/scipy.integrate.solve_ivp.html}},
	year = {},
	note = {[Accessed 29-05-2025]},
}
@book{chen,
   author = "Chen, F. F.",
   publisher = "Springer",
   title = "Introduction to Plasma Physics and Controlled Fusion (3rd ed., Vol. 1) ",
    pages =       "19–21",
   year = "2016"
}
@book{bird,
   author = "C. Birdsall and A. Langdon",
   publisher = "Institute of Physics Publishing",
   title = "Plasma Physics via Computer Simulation",
    note =       "See Chapter 4, Section 4.2",
   year = "1991"
}
@article{boris,
  author =       "B. Faleichik, I. Bondar, and V. Byl",
  title =        "Generalized Picard iterations: A class of iterated Runge–Kutta methods for stiff problems",
  journal =      " Journal of Computational and Applied Mathematics ",
  volume =       "262",
  pages =       "37-50",
  year =         "2014",
}
@article{sottas,
  author =       "G. Sottas",
  title =        "Rational Runge-Kutta methods are not suitable for stiff systems of ODEs",
  journal =      " Journal of Computational and Applied Mathematics ",
  volume =       "10",
  pages =       "169-174",
  year =         "1984",
}

@article{astrom,
  author =       "E. Astrom",
  title =        "Electron Orbits in Hyperbolic Magnetic Fields",
  journal =      " Tellus ",
  volume =       "VIII",
  pages =       "260-267",
  year =         "1956",
}
